@article{ jech,
  author = {Hrbacek, Karel & Jech, Thomas},
  title = {Introduction to Set Theory},
  publisher={Marcel Dekker},
  year={1999}
}
